
%irean
@book{question_1.1,
    title = {Ethics in Information Technology (6th ed).},
    author = {Reynolds, G.},
    publisher = {Cengage Learning},
    year = {2018},
    url = {\url{https://search.lib.uts.edu.au/permalink/61UTS_INST/19joism/alma991006933969805671}},
}
%irean
@book{question_1.2,
	title = {The Handbook of Information and Computer Ethics},
	author = {Himma, K. E. and Tavani, H. T.},
	publisher = {John Wiley & Sons, Inc.},
	year = {2008},
	url =          {\url{https://search.lib.uts.edu.au/permalink/61UTS\_INST/1v2k6o8/alma991006728260405671}},
}
%irean
@book{question_1.3,
	title = {Business ethics: A stakeholder and issues management approach (6th ed).},
	author = {Weiss, J. W.},
	publisher = {Berrett-Koehler Publishers, Inc.},
	year = {2014},
	edition = {},
	url = {\url{https://search.lib.uts.edu.au/permalink/61UTS\_INST/1v2k6o8/alma991006740178305671}},
}
&ariel
@article{question_2.1,
	title = {\textit{ACS Code of Professional Ethics}},
	volume = {},
	issn = {},
	url = {\url{https://www.acs.org.au/memberships/professional-ethics-conduct-and-complaints.html}},
	doi = {},
	abstract = {},
	number = {},
	urldate = {},
	journal = {},
	author = {{Australian Computer Society}},
	year = {2023},
	keywords = {},
	pages = {},
}
%pap
@misc{question_4,
	title = {The Little Black Book of Scams},
	author = {{Australian Competition and Consumer Commission}},
	year = {2023},
	url = {\url{https://www.accc.gov.au/about-us/publications/the-little-black-book-of-scams}},
}
