% Question 1 - Irean
@article{question_1.1,
	title = {\textit{Gender and Racial Discrimination in Hiring Before and During the COVID-19 Pandemic: Evidence from a Field Experiment of Accountants, 2018â€“2020},},
        volume = {\textit{\textmd4\textmd9}},
        issn = {33},
	url = {https://journals.sagepub.com/doi/10.1177/07308884221094539},
	abstract = {},
	number = {33},
	urldate = {2022-04-27},
	author = {Koji Chavez AND Katherine Weisshaar AND Tania Cabello-Hutt},
	year = {2022},
	keywords = {},
	pages = {},
}

@mics{question_1.2,
	title = {\textit{Workplace monitoring and surveillance.}},
        volume = {},
        issn = {},
	url = {https://www.oaic.gov.au/privacy/your-privacy-rights/surveillance-and-monitoring/workplace-monitoring-and-surveillance},
	abstract = {},
	number = {},
	urldate = {2024-03-13},
	author = {OAIC},
	year = {n.d},
	keywords = {},
	pages = {},
}


% Question 2 - Arieal
@article{question_2.1,
	title = {\textit{Ethic and Discipline}},
	volume = {},
	issn = {},
	url = {https://www.acs.org.au/memberships/professional-ethics-conduct-and-complaints.html},
	doi = {},
	abstract = {},
	number = {},
	urldate = {},
	journal = {},
	author = {ACS},
	year = {n.d},
	keywords = {},
	pages = {},
}



% Question 3 - Jin
@article{question_3.1,
	title = {\textit{Phishing Explained In 6 Minutes | What Is A Phishing Attack? | Phishing Attack | Simplilearn}. [{V}ideo]. {Y}outube.},
	url = {https://www.youtube.com/watch?v=XBkzBrXlle0},
	organization = {Youtube},
	number = {},
	urldate = {2021-09-17},
        journal = {},
	author = {Simplilearn},
	year = {2021, September 17},
}

% Question 4 - PAP
@article{question_4.1,
	title = {\textit{The little black book of scams, Australian Government.}},
        volume = {},
	issn = {},
	url = {https://www.accc.gov.au/},
	abstract = {},
	number = {},
	urldate = {},
	author = {ACCC},
	month = oct,
	year = {2023},
	keywords = {},
	pages = {},
}
